@article{main,
  title={狭小空間監視のためのドローンを利用した
AR可視化方式の実装と評価},
  author={竹内一真 and 滕睿 and 佐藤健哉},
  journal={情報処理学会論文誌},
  volume={Vol.64},
  number={No.2},
  pages={614–625},
  year={(Feb. 2023)},
  publisher={}
}

@article{Walker,
  title={Improving
Collocated Robot Teleoperation with Augmented Reality},
  author={Hedayati, H., Walker, M. and Szafir, D.:},
  journal={2018 13th ACM/IEEE International Conference on Human-Robot Interaction (HRI)},
  volume={},
  number={},
  pages={pp.78–86},
  year={(2018)},
  publisher={}
}

@article{Erat,
  title={Drone-Augmented Human Vision: Exocentric Control
for Drones Exploring Hidden Areas},
  author={Erat, O., Isop, W.A., Kalkofen, D. and Schmalstieg,
D.:},
  journal={IEEE Trans.
Visualization and Computer Graphics},
  volume={Vol.24},
  number={No.4},
  pages={pp.1437–1446},
  year={2018},
  publisher={}
}

@BOOK{齋藤201102,
title={最新脳科学でわかった 五感の驚異},
author={ローレンス. D・ローゼンブラム},
year={2011},
month={Feb.}
}

@article{山田駿2015enefork,
  title={EneFork: 食行動を変化させず栄養素を摂取可能なフォーク型デバイス},
  author={山田駿 and 野崎大幹 and 興野悠太郎 and 米澤拓郎 and 中澤仁 and 高汐一紀 and 徳田英幸 and others},
  journal={研究報告ヒューマンコンピュータインタラクション (HCI)},
  volume={2015},
  number={16},
  pages={1--8},
  year={2015}
}

中中間

@article{山本聖也,
    title={VRにおける空調服を用いた「VRefウェア」の開発 Development of [VRef wear] Using an Electric Fan Wear for VR},
    author={山本聖也 and 伊藤涼子 and 宗森純},
    journal={情報処理学会関西支部 支部大会},
    volume={2},
    number={C-06},
    pages={1--2},
    year={2020}
}


@article{坂口正道,
    title={Development of High-Speed Thermal Display Using Water Flow},
    author={Masamichi Sakaguchi and Kazuki Imai and Kyohei Hayakawa},
    journal={Nagoya Institute of Technology},
    volume={8},
    number={Aichi 466-8555},
    pages={233-240},
    year={2014}
}